
@article{turing1950computing:1,
  title={Computing machinery and intelligence},
  author={Turing, Alan M},
  journal={Mind},
  volume={59},
  number={236},
  pages={433--460},
  year={1950},
  publisher={JSTOR}
}

@article{dennett1996darwin,
  title={Darwin's dangerous idea: Evolution and the meanings of life},
  author={Dennett, Daniel C and Mittwoch, U},
  journal={Annals of Human Genetics},
  volume={60},
  number={3},
  pages={267--267},
  year={1996},
  publisher={London: Cambridge Univ. Press, 1954-}
}

@article{pinker1999mind,
  title={How the mind works},
  author={Pinker, Steven},
  journal={Annals of the New York Academy of Sciences},
  volume={882},
  number={1},
  pages={119--127},
  year={1999},
  publisher={Wiley Online Library}
}

@book{picard1997affective,
  title={Affective computing},
  author={Picard, Rosalind W and Picard, Roalind},
  volume={252},
  year={1997},
  publisher={MIT press Cambridge}
}

@book{penrose1999emperor,
  title={The emperor's new mind: Concerning computers, minds, and the laws of physics},
  author={Penrose, Roger},
  year={1999},
  publisher={Oxford Paperbacks}
}

@article{mccarthy1969some,
  title={Some philosophical problems from the standpoint of artificial intelligence},
  author={McCarthy, John and Hayes, Patrick J},
  journal={Readings in artificial intelligence},
  pages={431--450},
  year={1969},
  publisher={Los Altos, CA: Morgan Kaufmann}
}

@book{minsky1967computation,
  title={Computation: finite and infinite machines},
  author={Minsky, Marvin L},
  year={1967},
  publisher={Prentice-Hall, Inc.}
}

@book{chomsky2000new,
  title={New horizons in the study of language and mind},
  author={Chomsky, Noam},
  year={2000},
  publisher={Cambridge University Press}
}

@article{feynman1959there,
  title={Thereâ€™s plenty of room at the bottom},
  author={Feynman, Richard P},
  journal={Miniaturization},
  pages={282--296},
  year={1959}
}

@book{dreyfus1972computer,
  title={What Computer Still Can't Do: A Critique of Artificial Reason},
  author={Dreyfus, Hubert},
  year={1972},
  publisher={MIT Press, original edition published in}
}

@article{russell1995modern,
  title={A modern approach},
  author={Russell, Stuart and Norvig, Peter and Intelligence, Artificial},
  journal={Artificial Intelligence. Prentice-Hall, Egnlewood Cliffs},
  volume={25},
  pages={27},
  year={1995}
}

@article{jennings2000agent,
  title={On agent-based software engineering},
  author={Jennings, Nicholas R},
  journal={Artificial intelligence},
  volume={117},
  number={2},
  pages={277--296},
  year={2000},
  publisher={Elsevier}
}

@book{brooks1999cambrian,
  title={Cambrian intelligence: The early history of the new AI},
  author={Brooks, Rodney Allen},
  volume={97},
  year={1999},
  publisher={MIT press Cambridge, MA}
}